<?xml version="1.0" encoding="UTF-8"?><collection xmlns="http://www.loc.gov/MARC21/slim"><record><leader>00595nam--2200193-i-4500</leader><controlfield tag="001">000024060</controlfield><controlfield tag="002">20161230</controlfield><controlfield tag="005">20161230201035</controlfield><controlfield tag="008">060222s1000------------r-----000-0-rum-d</controlfield><datafield ind1=" " ind2=" " tag="040"><subfield code="a">IFIN-HH</subfield></datafield><datafield ind1=" " ind2=" " tag="041"><subfield code="a">rum</subfield></datafield><datafield ind1=" " ind2=" " tag="080"><subfield code="a">53</subfield></datafield><datafield ind1="1" ind2=" " tag="100"><subfield code="a">Grigorovici, R</subfield></datafield><datafield ind1="1" ind2="0" tag="245"><subfield code="a">Marimi si unitati in fizica vol. ii. termodinamica si fizica statistica, oscilatii si unde, optica, fizica atomica si nucleara, fizica biologica</subfield><subfield code="c">R. grigorovici, m. oncescu</subfield></datafield><datafield ind1=" " ind2=" " tag="260"><subfield code="a">Bucuresti</subfield><subfield code="b">Editura Tehnica</subfield><subfield code="c">1958</subfield></datafield><datafield ind1=" " ind2=" " tag="300"><subfield code="a">454P</subfield></datafield><datafield ind1="1" ind2=" " tag="700"><subfield code="a">Oncescu, M</subfield></datafield><datafield ind1=" " ind2=" " tag="852"><subfield code="a">3982</subfield><subfield code="c">53.08</subfield></datafield><datafield ind1=" " ind2=" " tag="CAT"><subfield code="a">Sys</subfield><subfield code="c">20151026</subfield><subfield code="h">151448</subfield></datafield></record></collection>